<record><leader>00000cas a22000007a 4500</leader><controlfield tag="001">18241781</controlfield><controlfield tag="008">880720d19131914nduwr ne      0    0eng d</controlfield><datafield ind1=" " ind2=" " tag="010"><subfield code="a">sn 88076123 </subfield></datafield><datafield ind1=" " ind2=" " tag="040"><subfield code="a">NOP</subfield><subfield code="b">eng</subfield><subfield code="c">NOP</subfield><subfield code="d">OCL</subfield><subfield code="d">OCLCQ</subfield></datafield><datafield ind1=" " ind2=" " tag="042"><subfield code="a">msc</subfield></datafield><datafield ind1="0" ind2="4" tag="245"><subfield code="a">The Dunn County promoter.</subfield></datafield><datafield ind1=" " ind2=" " tag="260"><subfield code="a">[Dunn Center], Dunn County, N.D. :</subfield><subfield code="b">J.B. Howard Pub. Co.</subfield></datafield><datafield ind1=" " ind2=" " tag="300"><subfield code="a">1 v. :</subfield><subfield code="b">ill. ;</subfield><subfield code="c">54 cm.</subfield></datafield><datafield ind1=" " ind2=" " tag="310"><subfield code="a">Weekly</subfield></datafield><datafield ind1="0" ind2=" " tag="362"><subfield code="a">Vol. 1, no. 1 (June 12, 1913)-v. 1, no. 44 (Apr. 3, 1914).</subfield></datafield><datafield ind1=" " ind2=" " tag="500"><subfield code="a">Place of publication varies: John Bang Ranch: June 12-Aug. 22, 1913; Dunn Center, N.D.: Aug. 29, 1913-Mar. 13, 1914; Halliday, N.D.: Mar. 20-Apr. 3, 1914.</subfield></datafield><datafield ind1=" " ind2=" " tag="530"><subfield code="a">Available on microfilm from the State Historical Society of North Dakota.</subfield></datafield><datafield ind1=" " ind2=" " tag="752"><subfield code="a">United States</subfield><subfield code="b">North Dakota</subfield><subfield code="c">Dunn</subfield><subfield code="d">Halliday.</subfield></datafield><datafield ind1=" " ind2=" " tag="752"><subfield code="a">United States</subfield><subfield code="b">North Dakota</subfield><subfield code="c">Dunn</subfield><subfield code="d">Dunn Center.</subfield></datafield><datafield ind1="0" ind2="0" tag="785"><subfield code="t">Halliday promoter</subfield><subfield code="w">(DLC)sn 88076124</subfield></datafield></record>